@manual{anleitung-ws2014,
    author = {Donath, Markus and Schmidt, Anke},
    title = {Anleitung zu den Experimentellen Übungen zur Mechanik und Elektrizitätslehre},
    publisher = {Physikalisches Institut},
    year = {2014},
    month = {Oktober},
    edition = {Auflage Wintersemester 2014/2015},
    organization = {Westfälische Wilhelms-Universität Münster}
},

@manual{anleitung-ss2015,
    author = {Donath, Markus and Schmidt, Anke},
    title = {Anleitung zu den Experimentellen Übungen zur Optik, Wärmelehre und Atomphysik},
    publisher = {Physikalisches Institut},
    year = {2015},
    edition = {Auflage Sommersemester 2015},
    organization = {Westfälische Wilhelms-Universität Münster}
}

@online{gelbeseiten,
    publisher = {Deutsche Telekom Medien GmbH},
    title = {Gelbe Seiten},
    date = {2014-10-27},
    url = {http://www.gelbeseiten.de}
}

@book{ingenieurwissen,
    author = {Horst Czichos, Birgit Skrotzki, Franz-Georg Simon},
    title = {Das Ingenieurwissen: Werkstoffe},
    year = {2014},
    pages = {62}
}
